{"e":"trade","E":1636546196648,"s":"BNBUSDT","t":453920630,"p":"655.10000000","q":"0.03000000","b":3283951807,"a":3283951746,"T":1636546196647,"m":false,"M":true}
{"e":"trade","E":1636546196926,"s":"BNBUSDT","t":453920631,"p":"655.10000000","q":"0.02000000","b":3283951811,"a":3283951746,"T":1636546196926,"m":false,"M":true}
{"e":"trade","E":1636546197111,"s":"BNBUSDT","t":453920632,"p":"655.00000000","q":"0.05900000","b":3283951197,"a":3283951813,"T":1636546197110,"m":true,"M":true}
{"e":"trade","E":1636546197210,"s":"BNBUSDT","t":453920633,"p":"655.10000000","q":"0.05100000","b":3283951814,"a":3283951746,"T":1636546197209,"m":false,"M":true}
{"e":"trade","E":1636546197215,"s":"BNBUSDT","t":453920634,"p":"655.10000000","q":"0.01700000","b":3283951815,"a":3283951746,"T":1636546197215,"m":false,"M":true}
{"e":"trade","E":1636546197233,"s":"BNBUSDT","t":453920635,"p":"655.10000000","q":"0.23000000","b":3283951816,"a":3283951746,"T":1636546197233,"m":false,"M":true}
{"e":"trade","E":1636546197284,"s":"BNBUSDT","t":453920636,"p":"655.10000000","q":"0.26400000","b":3283951818,"a":3283951746,"T":1636546197283,"m":false,"M":true}
{"e":"trade","E":1636546197626,"s":"BNBUSDT","t":453920637,"p":"655.10000000","q":"0.57600000","b":3283951827,"a":3283951746,"T":1636546197626,"m":false,"M":true}
{"e":"trade","E":1636546197709,"s":"BNBUSDT","t":453920638,"p":"655.00000000","q":"0.33300000","b":3283951197,"a":3283951829,"T":1636546197709,"m":true,"M":true}
{"e":"trade","E":1636546198031,"s":"BNBUSDT","t":453920639,"p":"655.10000000","q":"0.03900000","b":3283951832,"a":3283951746,"T":1636546198030,"m":false,"M":true}
{"e":"trade","E":1636546198304,"s":"BNBUSDT","t":453920640,"p":"655.10000000","q":"1.51100000","b":3283951840,"a":3283951746,"T":1636546198303,"m":false,"M":true}
{"e":"trade","E":1636546198321,"s":"BNBUSDT","t":453920641,"p":"655.10000000","q":"0.20400000","b":3283951842,"a":3283951746,"T":1636546198320,"m":false,"M":true}
{"e":"trade","E":1636546198650,"s":"BNBUSDT","t":453920642,"p":"655.00000000","q":"0.08200000","b":3283951197,"a":3283951844,"T":1636546198649,"m":true,"M":true}
{"e":"trade","E":1636546198650,"s":"BNBUSDT","t":453920643,"p":"655.00000000","q":"0.02400000","b":3283951217,"a":3283951844,"T":1636546198649,"m":true,"M":true}
{"e":"trade","E":1636546198650,"s":"BNBUSDT","t":453920644,"p":"655.00000000","q":"0.01600000","b":3283951275,"a":3283951844,"T":1636546198649,"m":true,"M":true}
{"e":"trade","E":1636546198650,"s":"BNBUSDT","t":453920645,"p":"655.00000000","q":"0.05000000","b":3283951376,"a":3283951844,"T":1636546198649,"m":true,"M":true}
{"e":"trade","E":1636546198650,"s":"BNBUSDT","t":453920646,"p":"655.00000000","q":"1.33800000","b":3283951398,"a":3283951844,"T":1636546198649,"m":true,"M":true}
{"e":"trade","E":1636546199013,"s":"BNBUSDT","t":453920647,"p":"655.10000000","q":"0.30500000","b":3283951850,"a":3283951746,"T":1636546199012,"m":false,"M":true}
{"e":"trade","E":1636546199035,"s":"BNBUSDT","t":453920648,"p":"655.10000000","q":"0.02000000","b":3283951852,"a":3283951746,"T":1636546199034,"m":false,"M":true}
{"e":"trade","E":1636546199168,"s":"BNBUSDT","t":453920649,"p":"655.00000000","q":"0.83800000","b":3283951398,"a":3283951858,"T":1636546199167,"m":true,"M":true}
{"e":"trade","E":1636546199182,"s":"BNBUSDT","t":453920650,"p":"655.10000000","q":"0.01600000","b":3283951860,"a":3283951746,"T":1636546199181,"m":false,"M":true}
{"e":"trade","E":1636546199232,"s":"BNBUSDT","t":453920651,"p":"655.10000000","q":"0.04400000","b":3283951861,"a":3283951746,"T":1636546199232,"m":false,"M":true}
{"e":"trade","E":1636546199319,"s":"BNBUSDT","t":453920652,"p":"655.10000000","q":"0.39000000","b":3283951865,"a":3283951746,"T":1636546199319,"m":false,"M":true}
{"e":"trade","E":1636546199329,"s":"BNBUSDT","t":453920653,"p":"655.10000000","q":"0.41500000","b":3283951867,"a":3283951746,"T":1636546199328,"m":false,"M":true}
{"e":"trade","E":1636546199389,"s":"BNBUSDT","t":453920654,"p":"655.10000000","q":"0.59400000","b":3283951868,"a":3283951746,"T":1636546199388,"m":false,"M":true}
{"e":"trade","E":1636546199407,"s":"BNBUSDT","t":453920655,"p":"655.10000000","q":"0.21100000","b":3283951869,"a":3283951746,"T":1636546199406,"m":false,"M":true}
{"e":"trade","E":1636546199514,"s":"BNBUSDT","t":453920656,"p":"655.10000000","q":"0.51200000","b":3283951876,"a":3283951746,"T":1636546199513,"m":false,"M":true}
{"e":"trade","E":1636546199552,"s":"BNBUSDT","t":453920657,"p":"655.10000000","q":"0.83300000","b":3283951878,"a":3283951746,"T":1636546199551,"m":false,"M":true}
{"e":"trade","E":1636546199623,"s":"BNBUSDT","t":453920658,"p":"655.10000000","q":"0.51100000","b":3283951881,"a":3283951746,"T":1636546199623,"m":false,"M":true}
{"e":"trade","E":1636546199638,"s":"BNBUSDT","t":453920659,"p":"655.10000000","q":"0.55000000","b":3283951882,"a":3283951746,"T":1636546199638,"m":false,"M":true}
{"e":"trade","E":1636546199744,"s":"BNBUSDT","t":453920660,"p":"655.10000000","q":"0.42200000","b":3283951888,"a":3283951746,"T":1636546199744,"m":false,"M":true}
{"e":"trade","E":1636546199744,"s":"BNBUSDT","t":453920661,"p":"655.10000000","q":"2.39000000","b":3283951888,"a":3283951761,"T":1636546199744,"m":false,"M":true}
{"e":"trade","E":1636546199819,"s":"BNBUSDT","t":453920662,"p":"655.10000000","q":"1.42700000","b":3283951890,"a":3283951761,"T":1636546199818,"m":false,"M":true}
{"e":"trade","E":1636546199819,"s":"BNBUSDT","t":453920663,"p":"655.10000000","q":"0.09300000","b":3283951890,"a":3283951790,"T":1636546199818,"m":false,"M":true}
{"e":"trade","E":1636546199840,"s":"BNBUSDT","t":453920664,"p":"655.10000000","q":"0.34900000","b":3283951891,"a":3283951790,"T":1636546199840,"m":false,"M":true}
{"e":"trade","E":1636546199840,"s":"BNBUSDT","t":453920665,"p":"655.10000000","q":"0.63100000","b":3283951891,"a":3283951823,"T":1636546199840,"m":false,"M":true}
{"e":"trade","E":1636546199849,"s":"BNBUSDT","t":453920666,"p":"655.10000000","q":"0.03700000","b":3283951892,"a":3283951823,"T":1636546199848,"m":false,"M":true}
{"e":"trade","E":1636546200045,"s":"BNBUSDT","t":453920667,"p":"655.10000000","q":"0.86900000","b":3283951908,"a":3283951823,"T":1636546200045,"m":false,"M":true}
{"e":"trade","E":1636546200068,"s":"BNBUSDT","t":453920668,"p":"655.10000000","q":"7.96300000","b":3283951910,"a":3283951823,"T":1636546200068,"m":false,"M":true}
{"e":"trade","E":1636546200068,"s":"BNBUSDT","t":453920669,"p":"655.10000000","q":"0.05100000","b":3283951910,"a":3283951833,"T":1636546200068,"m":false,"M":true}
{"e":"trade","E":1636546200068,"s":"BNBUSDT","t":453920670,"p":"655.10000000","q":"0.43200000","b":3283951910,"a":3283951855,"T":1636546200068,"m":false,"M":true}
{"e":"trade","E":1636546200068,"s":"BNBUSDT","t":453920671,"p":"655.10000000","q":"2.58400000","b":3283951910,"a":3283951879,"T":1636546200068,"m":false,"M":true}
{"e":"trade","E":1636546200150,"s":"BNBUSDT","t":453920672,"p":"655.10000000","q":"0.33300000","b":3283951917,"a":3283951886,"T":1636546200149,"m":false,"M":true}
{"e":"trade","E":1636546200150,"s":"BNBUSDT","t":453920673,"p":"655.10000000","q":"0.03800000","b":3283951917,"a":3283951909,"T":1636546200149,"m":false,"M":true}
{"e":"trade","E":1636546200150,"s":"BNBUSDT","t":453920674,"p":"655.10000000","q":"4.35000000","b":3283951917,"a":3283951911,"T":1636546200149,"m":false,"M":true}
{"e":"trade","E":1636546200158,"s":"BNBUSDT","t":453920675,"p":"655.10000000","q":"0.37100000","b":3283951920,"a":3283951911,"T":1636546200157,"m":false,"M":true}
{"e":"trade","E":1636546200158,"s":"BNBUSDT","t":453920676,"p":"655.20000000","q":"1.62700000","b":3283951920,"a":3283951405,"T":1636546200157,"m":false,"M":true}
{"e":"trade","E":1636546200164,"s":"BNBUSDT","t":453920677,"p":"655.20000000","q":"0.02000000","b":3283951924,"a":3283951405,"T":1636546200163,"m":false,"M":true}
{"e":"trade","E":1636546200164,"s":"BNBUSDT","t":453920678,"p":"655.20000000","q":"0.10900000","b":3283951925,"a":3283951405,"T":1636546200163,"m":false,"M":true}
{"e":"trade","E":1636546200217,"s":"BNBUSDT","t":453920679,"p":"655.10000000","q":"0.07500000","b":3283951921,"a":3283951946,"T":1636546200216,"m":true,"M":true}
{"e":"trade","E":1636546200271,"s":"BNBUSDT","t":453920680,"p":"655.20000000","q":"0.02000000","b":3283951960,"a":3283951421,"T":1636546200271,"m":false,"M":true}
{"e":"trade","E":1636546200289,"s":"BNBUSDT","t":453920681,"p":"655.20000000","q":"0.04500000","b":3283951962,"a":3283951421,"T":1636546200289,"m":false,"M":true}
{"e":"trade","E":1636546200289,"s":"BNBUSDT","t":453920682,"p":"655.20000000","q":"0.47400000","b":3283951962,"a":3283951496,"T":1636546200289,"m":false,"M":true}
{"e":"trade","E":1636546200289,"s":"BNBUSDT","t":453920683,"p":"655.20000000","q":"0.08900000","b":3283951962,"a":3283951563,"T":1636546200289,"m":false,"M":true}
{"e":"trade","E":1636546200289,"s":"BNBUSDT","t":453920684,"p":"655.20000000","q":"0.11900000","b":3283951962,"a":3283951565,"T":1636546200289,"m":false,"M":true}
{"e":"trade","E":1636546200289,"s":"BNBUSDT","t":453920685,"p":"655.20000000","q":"0.13200000","b":3283951962,"a":3283951740,"T":1636546200289,"m":false,"M":true}
{"e":"trade","E":1636546200289,"s":"BNBUSDT","t":453920686,"p":"655.20000000","q":"0.43600000","b":3283951962,"a":3283951792,"T":1636546200289,"m":false,"M":true}
{"e":"trade","E":1636546200289,"s":"BNBUSDT","t":453920687,"p":"655.20000000","q":"0.71600000","b":3283951962,"a":3283951857,"T":1636546200289,"m":false,"M":true}
{"e":"trade","E":1636546200289,"s":"BNBUSDT","t":453920688,"p":"655.20000000","q":"0.02000000","b":3283951962,"a":3283951919,"T":1636546200289,"m":false,"M":true}
{"e":"trade","E":1636546200289,"s":"BNBUSDT","t":453920689,"p":"655.20000000","q":"3.96300000","b":3283951962,"a":3283951953,"T":1636546200289,"m":false,"M":true}
{"e":"trade","E":1636546200304,"s":"BNBUSDT","t":453920690,"p":"655.30000000","q":"0.08800000","b":3283951973,"a":3283948603,"T":1636546200304,"m":false,"M":true}
{"e":"trade","E":1636546200352,"s":"BNBUSDT","t":453920691,"p":"655.30000000","q":"2.66000000","b":3283951982,"a":3283948603,"T":1636546200352,"m":false,"M":true}
{"e":"trade","E":1636546200378,"s":"BNBUSDT","t":453920692,"p":"655.30000000","q":"4.43900000","b":3283951991,"a":3283948603,"T":1636546200377,"m":false,"M":true}
{"e":"trade","E":1636546200415,"s":"BNBUSDT","t":453920693,"p":"655.30000000","q":"4.62800000","b":3283951996,"a":3283948603,"T":1636546200415,"m":false,"M":true}
{"e":"trade","E":1636546200434,"s":"BNBUSDT","t":453920694,"p":"655.30000000","q":"0.01600000","b":3283951998,"a":3283948603,"T":1636546200433,"m":false,"M":true}
{"e":"trade","E":1636546200438,"s":"BNBUSDT","t":453920695,"p":"655.30000000","q":"9.78900000","b":3283952000,"a":3283948603,"T":1636546200438,"m":false,"M":true}
{"e":"trade","E":1636546200601,"s":"BNBUSDT","t":453920696,"p":"655.30000000","q":"1.72600000","b":3283952013,"a":3283948603,"T":1636546200601,"m":false,"M":true}
{"e":"trade","E":1636546200719,"s":"BNBUSDT","t":453920697,"p":"655.20000000","q":"0.50000000","b":3283951965,"a":3283952024,"T":1636546200718,"m":true,"M":true}
{"e":"trade","E":1636546200861,"s":"BNBUSDT","t":453920698,"p":"655.30000000","q":"0.79000000","b":3283952033,"a":3283948603,"T":1636546200860,"m":false,"M":true}
{"e":"trade","E":1636546201017,"s":"BNBUSDT","t":453920699,"p":"655.20000000","q":"0.43100000","b":3283951965,"a":3283952040,"T":1636546201017,"m":true,"M":true}
{"e":"trade","E":1636546201336,"s":"BNBUSDT","t":453920700,"p":"655.20000000","q":"0.02000000","b":3283951965,"a":3283952060,"T":1636546201336,"m":true,"M":true}
{"e":"trade","E":1636546201567,"s":"BNBUSDT","t":453920701,"p":"655.20000000","q":"0.33400000","b":3283951967,"a":3283952070,"T":1636546201567,"m":true,"M":true}
{"e":"trade","E":1636546201611,"s":"BNBUSDT","t":453920702,"p":"655.30000000","q":"0.12800000","b":3283952071,"a":3283948603,"T":1636546201610,"m":false,"M":true}
{"e":"trade","E":1636546201633,"s":"BNBUSDT","t":453920703,"p":"655.30000000","q":"0.12400000","b":3283952073,"a":3283948603,"T":1636546201632,"m":false,"M":true}
{"e":"trade","E":1636546202260,"s":"BNBUSDT","t":453920704,"p":"655.20000000","q":"0.02900000","b":3283951967,"a":3283952097,"T":1636546202260,"m":true,"M":true}
{"e":"trade","E":1636546202363,"s":"BNBUSDT","t":453920705,"p":"655.30000000","q":"0.45800000","b":3283952101,"a":3283948603,"T":1636546202363,"m":false,"M":true}
{"e":"trade","E":1636546202414,"s":"BNBUSDT","t":453920706,"p":"655.30000000","q":"0.01900000","b":3283952106,"a":3283948603,"T":1636546202414,"m":false,"M":true}
{"e":"trade","E":1636546202429,"s":"BNBUSDT","t":453920707,"p":"655.20000000","q":"1.18600000","b":3283951967,"a":3283952108,"T":1636546202428,"m":true,"M":true}
{"e":"trade","E":1636546202752,"s":"BNBUSDT","t":453920708,"p":"655.30000000","q":"0.43700000","b":3283952115,"a":3283948603,"T":1636546202752,"m":false,"M":true}
{"e":"trade","E":1636546203360,"s":"BNBUSDT","t":453920709,"p":"655.30000000","q":"0.45800000","b":3283952135,"a":3283948603,"T":1636546203359,"m":false,"M":true}
{"e":"trade","E":1636546203510,"s":"BNBUSDT","t":453920710,"p":"655.30000000","q":"2.48400000","b":3283952140,"a":3283948603,"T":1636546203510,"m":false,"M":true}
{"e":"trade","E":1636546203578,"s":"BNBUSDT","t":453920711,"p":"655.20000000","q":"0.16600000","b":3283952011,"a":3283952143,"T":1636546203578,"m":true,"M":true}
{"e":"trade","E":1636546203625,"s":"BNBUSDT","t":453920712,"p":"655.30000000","q":"0.36500000","b":3283952149,"a":3283948603,"T":1636546203625,"m":false,"M":true}
{"e":"trade","E":1636546203847,"s":"BNBUSDT","t":453920713,"p":"655.30000000","q":"0.44300000","b":3283952159,"a":3283948603,"T":1636546203846,"m":false,"M":true}
{"e":"trade","E":1636546203871,"s":"BNBUSDT","t":453920714,"p":"655.30000000","q":"0.07600000","b":3283952161,"a":3283948603,"T":1636546203871,"m":false,"M":true}
{"e":"trade","E":1636546203944,"s":"BNBUSDT","t":453920715,"p":"655.30000000","q":"0.10000000","b":3283952166,"a":3283948603,"T":1636546203943,"m":false,"M":true}
{"e":"trade","E":1636546203986,"s":"BNBUSDT","t":453920716,"p":"655.30000000","q":"0.74700000","b":3283952169,"a":3283948603,"T":1636546203985,"m":false,"M":true}
{"e":"trade","E":1636546203989,"s":"BNBUSDT","t":453920717,"p":"655.30000000","q":"0.73300000","b":3283952170,"a":3283948603,"T":1636546203988,"m":false,"M":true}
{"e":"trade","E":1636546204013,"s":"BNBUSDT","t":453920718,"p":"655.20000000","q":"2.34800000","b":3283952011,"a":3283952172,"T":1636546204012,"m":true,"M":true}
{"e":"trade","E":1636546204021,"s":"BNBUSDT","t":453920719,"p":"655.20000000","q":"0.38100000","b":3283952011,"a":3283952173,"T":1636546204021,"m":true,"M":true}
{"e":"trade","E":1636546204021,"s":"BNBUSDT","t":453920720,"p":"655.20000000","q":"0.02500000","b":3283952028,"a":3283952173,"T":1636546204021,"m":true,"M":true}
{"e":"trade","E":1636546204021,"s":"BNBUSDT","t":453920721,"p":"655.20000000","q":"0.02600000","b":3283952035,"a":3283952173,"T":1636546204021,"m":true,"M":true}
{"e":"trade","E":1636546204212,"s":"BNBUSDT","t":453920722,"p":"655.30000000","q":"0.29400000","b":3283952180,"a":3283948603,"T":1636546204212,"m":false,"M":true}
{"e":"trade","E":1636546204420,"s":"BNBUSDT","t":453920723,"p":"655.20000000","q":"0.01200000","b":3283952035,"a":3283952190,"T":1636546204419,"m":true,"M":true}
{"e":"trade","E":1636546204420,"s":"BNBUSDT","t":453920724,"p":"655.20000000","q":"0.01900000","b":3283952045,"a":3283952190,"T":1636546204419,"m":true,"M":true}
{"e":"trade","E":1636546204420,"s":"BNBUSDT","t":453920725,"p":"655.20000000","q":"0.02300000","b":3283952053,"a":3283952190,"T":1636546204419,"m":true,"M":true}
{"e":"trade","E":1636546204420,"s":"BNBUSDT","t":453920726,"p":"655.20000000","q":"0.03500000","b":3283952058,"a":3283952190,"T":1636546204419,"m":true,"M":true}
{"e":"trade","E":1636546204420,"s":"BNBUSDT","t":453920727,"p":"655.20000000","q":"0.02800000","b":3283952059,"a":3283952190,"T":1636546204419,"m":true,"M":true}
{"e":"trade","E":1636546204421,"s":"BNBUSDT","t":453920728,"p":"655.30000000","q":"2.54700000","b":3283952191,"a":3283948603,"T":1636546204421,"m":false,"M":true}
{"e":"trade","E":1636546204532,"s":"BNBUSDT","t":453920729,"p":"655.20000000","q":"0.00600000","b":3283952059,"a":3283952198,"T":1636546204532,"m":true,"M":true}
{"e":"trade","E":1636546204532,"s":"BNBUSDT","t":453920730,"p":"655.20000000","q":"0.02600000","b":3283952062,"a":3283952198,"T":1636546204532,"m":true,"M":true}
{"e":"trade","E":1636546204532,"s":"BNBUSDT","t":453920731,"p":"655.20000000","q":"0.02400000","b":3283952063,"a":3283952198,"T":1636546204532,"m":true,"M":true}
{"e":"trade","E":1636546204532,"s":"BNBUSDT","t":453920732,"p":"655.20000000","q":"0.04000000","b":3283952064,"a":3283952198,"T":1636546204532,"m":true,"M":true}
{"e":"trade","E":1636546204532,"s":"BNBUSDT","t":453920733,"p":"655.20000000","q":"0.02700000","b":3283952065,"a":3283952198,"T":1636546204532,"m":true,"M":true}
{"e":"trade","E":1636546204532,"s":"BNBUSDT","t":453920734,"p":"655.20000000","q":"0.02400000","b":3283952066,"a":3283952198,"T":1636546204532,"m":true,"M":true}
{"e":"trade","E":1636546204532,"s":"BNBUSDT","t":453920735,"p":"655.20000000","q":"0.07700000","b":3283952069,"a":3283952198,"T":1636546204532,"m":true,"M":true}
{"e":"trade","E":1636546204532,"s":"BNBUSDT","t":453920736,"p":"655.20000000","q":"0.02300000","b":3283952076,"a":3283952198,"T":1636546204532,"m":true,"M":true}
{"e":"trade","E":1636546204532,"s":"BNBUSDT","t":453920737,"p":"655.20000000","q":"3.05300000","b":3283952077,"a":3283952198,"T":1636546204532,"m":true,"M":true}
{"e":"trade","E":1636546204568,"s":"BNBUSDT","t":453920738,"p":"655.20000000","q":"0.33300000","b":3283952077,"a":3283952199,"T":1636546204567,"m":true,"M":true}
{"e":"trade","E":1636546204720,"s":"BNBUSDT","t":453920739,"p":"655.30000000","q":"0.01600000","b":3283952201,"a":3283948603,"T":1636546204719,"m":false,"M":true}
{"e":"trade","E":1636546204722,"s":"BNBUSDT","t":453920740,"p":"655.30000000","q":"0.33500000","b":3283952202,"a":3283948603,"T":1636546204721,"m":false,"M":true}
{"e":"trade","E":1636546204958,"s":"BNBUSDT","t":453920741,"p":"655.20000000","q":"0.03700000","b":3283952077,"a":3283952206,"T":1636546204957,"m":true,"M":true}
{"e":"trade","E":1636546205011,"s":"BNBUSDT","t":453920742,"p":"655.20000000","q":"0.04200000","b":3283952077,"a":3283952207,"T":1636546205010,"m":true,"M":true}
{"e":"trade","E":1636546205053,"s":"BNBUSDT","t":453920743,"p":"655.20000000","q":"0.03200000","b":3283952077,"a":3283952208,"T":1636546205052,"m":true,"M":true}
{"e":"trade","E":1636546205123,"s":"BNBUSDT","t":453920744,"p":"655.30000000","q":"1.34700000","b":3283952209,"a":3283948603,"T":1636546205122,"m":false,"M":true}
{"e":"trade","E":1636546205243,"s":"BNBUSDT","t":453920745,"p":"655.20000000","q":"0.03200000","b":3283952077,"a":3283952212,"T":1636546205243,"m":true,"M":true}
{"e":"trade","E":1636546205244,"s":"BNBUSDT","t":453920746,"p":"655.20000000","q":"0.03200000","b":3283952077,"a":3283952213,"T":1636546205244,"m":true,"M":true}
{"e":"trade","E":1636546205302,"s":"BNBUSDT","t":453920747,"p":"655.30000000","q":"0.01600000","b":3283952216,"a":3283948603,"T":1636546205301,"m":false,"M":true}
{"e":"trade","E":1636546205302,"s":"BNBUSDT","t":453920748,"p":"655.30000000","q":"1.51100000","b":3283952217,"a":3283948603,"T":1636546205302,"m":false,"M":true}
{"e":"trade","E":1636546205534,"s":"BNBUSDT","t":453920749,"p":"655.30000000","q":"0.02700000","b":3283952223,"a":3283948603,"T":1636546205534,"m":false,"M":true}
{"e":"trade","E":1636546205631,"s":"BNBUSDT","t":453920750,"p":"655.30000000","q":"1.52400000","b":3283952228,"a":3283948603,"T":1636546205630,"m":false,"M":true}
{"e":"trade","E":1636546205651,"s":"BNBUSDT","t":453920751,"p":"655.20000000","q":"1.50900000","b":3283952077,"a":3283952230,"T":1636546205651,"m":true,"M":true}
{"e":"trade","E":1636546206042,"s":"BNBUSDT","t":453920752,"p":"655.30000000","q":"0.02200000","b":3283952241,"a":3283948603,"T":1636546206042,"m":false,"M":true}
{"e":"trade","E":1636546206165,"s":"BNBUSDT","t":453920753,"p":"655.30000000","q":"0.74100000","b":3283952244,"a":3283948603,"T":1636546206164,"m":false,"M":true}
{"e":"trade","E":1636546206437,"s":"BNBUSDT","t":453920754,"p":"655.20000000","q":"0.03200000","b":3283952077,"a":3283952250,"T":1636546206436,"m":true,"M":true}
{"e":"trade","E":1636546206439,"s":"BNBUSDT","t":453920755,"p":"655.20000000","q":"0.03200000","b":3283952077,"a":3283952251,"T":1636546206438,"m":true,"M":true}
{"e":"trade","E":1636546206445,"s":"BNBUSDT","t":453920756,"p":"655.30000000","q":"0.61000000","b":3283952252,"a":3283948603,"T":1636546206445,"m":false,"M":true}
{"e":"trade","E":1636546206448,"s":"BNBUSDT","t":453920757,"p":"655.30000000","q":"0.07100000","b":3283952253,"a":3283948603,"T":1636546206448,"m":false,"M":true}
{"e":"trade","E":1636546206721,"s":"BNBUSDT","t":453920758,"p":"655.20000000","q":"0.03500000","b":3283952077,"a":3283952262,"T":1636546206721,"m":true,"M":true}
{"e":"trade","E":1636546206856,"s":"BNBUSDT","t":453920759,"p":"655.20000000","q":"0.04700000","b":3283952077,"a":3283952264,"T":1636546206855,"m":true,"M":true}
{"e":"trade","E":1636546207231,"s":"BNBUSDT","t":453920760,"p":"655.30000000","q":"0.62800000","b":3283952275,"a":3283948603,"T":1636546207230,"m":false,"M":true}
{"e":"trade","E":1636546207354,"s":"BNBUSDT","t":453920761,"p":"655.20000000","q":"0.03200000","b":3283952077,"a":3283952280,"T":1636546207354,"m":true,"M":true}
{"e":"trade","E":1636546207356,"s":"BNBUSDT","t":453920762,"p":"655.20000000","q":"0.03200000","b":3283952077,"a":3283952281,"T":1636546207356,"m":true,"M":true}
{"e":"trade","E":1636546207406,"s":"BNBUSDT","t":453920763,"p":"655.30000000","q":"0.42900000","b":3283952282,"a":3283948603,"T":1636546207406,"m":false,"M":true}
{"e":"trade","E":1636546207538,"s":"BNBUSDT","t":453920764,"p":"655.20000000","q":"0.05200000","b":3283952077,"a":3283952284,"T":1636546207538,"m":true,"M":true}
{"e":"trade","E":1636546207586,"s":"BNBUSDT","t":453920765,"p":"655.30000000","q":"0.10100000","b":3283952286,"a":3283948603,"T":1636546207586,"m":false,"M":true}
{"e":"trade","E":1636546207844,"s":"BNBUSDT","t":453920766,"p":"655.20000000","q":"0.03600000","b":3283952077,"a":3283952292,"T":1636546207844,"m":true,"M":true}
{"e":"trade","E":1636546208007,"s":"BNBUSDT","t":453920767,"p":"655.20000000","q":"0.83400000","b":3283952077,"a":3283952296,"T":1636546208007,"m":true,"M":true}
{"e":"trade","E":1636546208007,"s":"BNBUSDT","t":453920768,"p":"655.20000000","q":"0.16600000","b":3283952086,"a":3283952296,"T":1636546208007,"m":true,"M":true}
{"e":"trade","E":1636546208020,"s":"BNBUSDT","t":453920769,"p":"655.30000000","q":"0.02300000","b":3283952298,"a":3283948603,"T":1636546208019,"m":false,"M":true}
{"e":"trade","E":1636546208033,"s":"BNBUSDT","t":453920770,"p":"655.30000000","q":"0.02000000","b":3283952300,"a":3283948603,"T":1636546208032,"m":false,"M":true}
{"e":"trade","E":1636546208225,"s":"BNBUSDT","t":453920771,"p":"655.20000000","q":"0.03200000","b":3283952086,"a":3283952310,"T":1636546208224,"m":true,"M":true}
{"e":"trade","E":1636546208225,"s":"BNBUSDT","t":453920772,"p":"655.20000000","q":"0.03200000","b":3283952086,"a":3283952311,"T":1636546208224,"m":true,"M":true}
{"e":"trade","E":1636546208231,"s":"BNBUSDT","t":453920773,"p":"655.20000000","q":"0.03200000","b":3283952086,"a":3283952312,"T":1636546208230,"m":true,"M":true}
{"e":"trade","E":1636546208577,"s":"BNBUSDT","t":453920774,"p":"655.20000000","q":"2.33800000","b":3283952086,"a":3283952323,"T":1636546208576,"m":true,"M":true}
{"e":"trade","E":1636546208577,"s":"BNBUSDT","t":453920775,"p":"655.20000000","q":"0.02100000","b":3283952091,"a":3283952323,"T":1636546208576,"m":true,"M":true}
{"e":"trade","E":1636546208577,"s":"BNBUSDT","t":453920776,"p":"655.20000000","q":"0.02100000","b":3283952092,"a":3283952323,"T":1636546208576,"m":true,"M":true}
{"e":"trade","E":1636546208577,"s":"BNBUSDT","t":453920777,"p":"655.20000000","q":"0.05600000","b":3283952094,"a":3283952323,"T":1636546208576,"m":true,"M":true}
{"e":"trade","E":1636546208577,"s":"BNBUSDT","t":453920778,"p":"655.20000000","q":"0.02100000","b":3283952102,"a":3283952323,"T":1636546208576,"m":true,"M":true}
{"e":"trade","E":1636546208577,"s":"BNBUSDT","t":453920779,"p":"655.20000000","q":"0.02500000","b":3283952103,"a":3283952323,"T":1636546208576,"m":true,"M":true}
{"e":"trade","E":1636546208577,"s":"BNBUSDT","t":453920780,"p":"655.20000000","q":"0.07200000","b":3283952107,"a":3283952323,"T":1636546208576,"m":true,"M":true}
{"e":"trade","E":1636546208577,"s":"BNBUSDT","t":453920781,"p":"655.20000000","q":"0.03900000","b":3283952112,"a":3283952323,"T":1636546208576,"m":true,"M":true}
{"e":"trade","E":1636546208577,"s":"BNBUSDT","t":453920782,"p":"655.20000000","q":"0.01900000","b":3283952117,"a":3283952323,"T":1636546208576,"m":true,"M":true}
{"e":"trade","E":1636546208577,"s":"BNBUSDT","t":453920783,"p":"655.20000000","q":"0.03500000","b":3283952119,"a":3283952323,"T":1636546208576,"m":true,"M":true}
{"e":"trade","E":1636546208577,"s":"BNBUSDT","t":453920784,"p":"655.20000000","q":"0.17500000","b":3283952121,"a":3283952323,"T":1636546208576,"m":true,"M":true}
{"e":"trade","E":1636546208577,"s":"BNBUSDT","t":453920785,"p":"655.20000000","q":"1.47100000","b":3283952131,"a":3283952323,"T":1636546208576,"m":true,"M":true}
{"e":"trade","E":1636546208636,"s":"BNBUSDT","t":453920786,"p":"655.30000000","q":"0.03100000","b":3283952328,"a":3283948603,"T":1636546208636,"m":false,"M":true}
{"e":"trade","E":1636546208815,"s":"BNBUSDT","t":453920787,"p":"655.30000000","q":"0.06700000","b":3283952330,"a":3283948603,"T":1636546208815,"m":false,"M":true}
{"e":"trade","E":1636546208853,"s":"BNBUSDT","t":453920788,"p":"655.20000000","q":"2.52900000","b":3283952131,"a":3283952334,"T":1636546208851,"m":true,"M":true}
{"e":"trade","E":1636546208853,"s":"BNBUSDT","t":453920789,"p":"655.20000000","q":"3.81600000","b":3283952138,"a":3283952334,"T":1636546208851,"m":true,"M":true}
{"e":"trade","E":1636546208853,"s":"BNBUSDT","t":453920790,"p":"655.20000000","q":"0.04200000","b":3283952146,"a":3283952334,"T":1636546208851,"m":true,"M":true}
{"e":"trade","E":1636546208853,"s":"BNBUSDT","t":453920791,"p":"655.20000000","q":"0.33800000","b":3283952147,"a":3283952334,"T":1636546208851,"m":true,"M":true}
{"e":"trade","E":1636546208853,"s":"BNBUSDT","t":453920792,"p":"655.20000000","q":"0.02200000","b":3283952148,"a":3283952334,"T":1636546208851,"m":true,"M":true}
{"e":"trade","E":1636546208853,"s":"BNBUSDT","t":453920793,"p":"655.20000000","q":"0.02300000","b":3283952153,"a":3283952334,"T":1636546208851,"m":true,"M":true}
{"e":"trade","E":1636546208853,"s":"BNBUSDT","t":453920794,"p":"655.20000000","q":"0.01900000","b":3283952167,"a":3283952334,"T":1636546208851,"m":true,"M":true}
{"e":"trade","E":1636546208853,"s":"BNBUSDT","t":453920795,"p":"655.20000000","q":"0.06000000","b":3283952174,"a":3283952334,"T":1636546208851,"m":true,"M":true}
{"e":"trade","E":1636546208853,"s":"BNBUSDT","t":453920796,"p":"655.20000000","q":"2.00000000","b":3283952175,"a":3283952334,"T":1636546208851,"m":true,"M":true}
{"e":"trade","E":1636546208853,"s":"BNBUSDT","t":453920797,"p":"655.20000000","q":"1.37400000","b":3283952176,"a":3283952334,"T":1636546208851,"m":true,"M":true}
{"e":"trade","E":1636546208853,"s":"BNBUSDT","t":453920798,"p":"655.20000000","q":"0.09900000","b":3283952177,"a":3283952334,"T":1636546208851,"m":true,"M":true}
{"e":"trade","E":1636546208853,"s":"BNBUSDT","t":453920799,"p":"655.20000000","q":"0.09600000","b":3283952178,"a":3283952334,"T":1636546208851,"m":true,"M":true}
{"e":"trade","E":1636546208853,"s":"BNBUSDT","t":453920800,"p":"655.20000000","q":"0.09500000","b":3283952181,"a":3283952334,"T":1636546208851,"m":true,"M":true}
{"e":"trade","E":1636546208853,"s":"BNBUSDT","t":453920801,"p":"655.20000000","q":"0.36200000","b":3283952182,"a":3283952334,"T":1636546208851,"m":true,"M":true}
{"e":"trade","E":1636546208853,"s":"BNBUSDT","t":453920802,"p":"655.20000000","q":"5.00000000","b":3283952184,"a":3283952334,"T":1636546208851,"m":true,"M":true}
{"e":"trade","E":1636546208853,"s":"BNBUSDT","t":453920803,"p":"655.20000000","q":"0.02400000","b":3283952187,"a":3283952334,"T":1636546208851,"m":true,"M":true}
{"e":"trade","E":1636546208853,"s":"BNBUSDT","t":453920804,"p":"655.20000000","q":"0.02100000","b":3283952192,"a":3283952334,"T":1636546208851,"m":true,"M":true}
{"e":"trade","E":1636546208853,"s":"BNBUSDT","t":453920805,"p":"655.20000000","q":"0.04800000","b":3283952200,"a":3283952334,"T":1636546208851,"m":true,"M":true}
{"e":"trade","E":1636546208853,"s":"BNBUSDT","t":453920806,"p":"655.20000000","q":"0.01900000","b":3283952204,"a":3283952334,"T":1636546208851,"m":true,"M":true}
{"e":"trade","E":1636546208853,"s":"BNBUSDT","t":453920807,"p":"655.20000000","q":"0.01900000","b":3283952205,"a":3283952334,"T":1636546208851,"m":true,"M":true}
{"e":"trade","E":1636546208853,"s":"BNBUSDT","t":453920808,"p":"655.20000000","q":"0.02200000","b":3283952225,"a":3283952334,"T":1636546208851,"m":true,"M":true}
{"e":"trade","E":1636546208853,"s":"BNBUSDT","t":453920809,"p":"655.20000000","q":"0.02700000","b":3283952232,"a":3283952334,"T":1636546208851,"m":true,"M":true}
{"e":"trade","E":1636546208853,"s":"BNBUSDT","t":453920810,"p":"655.20000000","q":"0.08800000","b":3283952233,"a":3283952334,"T":1636546208851,"m":true,"M":true}
{"e":"trade","E":1636546208853,"s":"BNBUSDT","t":453920811,"p":"655.20000000","q":"0.02200000","b":3283952236,"a":3283952334,"T":1636546208851,"m":true,"M":true}
{"e":"trade","E":1636546208853,"s":"BNBUSDT","t":453920812,"p":"655.20000000","q":"0.02200000","b":3283952242,"a":3283952334,"T":1636546208851,"m":true,"M":true}
{"e":"trade","E":1636546208853,"s":"BNBUSDT","t":453920813,"p":"655.20000000","q":"0.01900000","b":3283952246,"a":3283952334,"T":1636546208851,"m":true,"M":true}
{"e":"trade","E":1636546208853,"s":"BNBUSDT","t":453920814,"p":"655.20000000","q":"0.02900000","b":3283952247,"a":3283952334,"T":1636546208851,"m":true,"M":true}
{"e":"trade","E":1636546208853,"s":"BNBUSDT","t":453920815,"p":"655.20000000","q":"0.11200000","b":3283952256,"a":3283952334,"T":1636546208851,"m":true,"M":true}
{"e":"trade","E":1636546208853,"s":"BNBUSDT","t":453920816,"p":"655.20000000","q":"0.04200000","b":3283952257,"a":3283952334,"T":1636546208851,"m":true,"M":true}
{"e":"trade","E":1636546208853,"s":"BNBUSDT","t":453920817,"p":"655.20000000","q":"0.02000000","b":3283952258,"a":3283952334,"T":1636546208851,"m":true,"M":true}
{"e":"trade","E":1636546208853,"s":"BNBUSDT","t":453920818,"p":"655.20000000","q":"0.01900000","b":3283952259,"a":3283952334,"T":1636546208851,"m":true,"M":true}
{"e":"trade","E":1636546208853,"s":"BNBUSDT","t":453920819,"p":"655.20000000","q":"0.03900000","b":3283952263,"a":3283952334,"T":1636546208851,"m":true,"M":true}
{"e":"trade","E":1636546208853,"s":"BNBUSDT","t":453920820,"p":"655.20000000","q":"0.02700000","b":3283952265,"a":3283952334,"T":1636546208851,"m":true,"M":true}
{"e":"trade","E":1636546208853,"s":"BNBUSDT","t":453920821,"p":"655.20000000","q":"0.08600000","b":3283952268,"a":3283952334,"T":1636546208851,"m":true,"M":true}
{"e":"trade","E":1636546208853,"s":"BNBUSDT","t":453920822,"p":"655.20000000","q":"0.01900000","b":3283952270,"a":3283952334,"T":1636546208851,"m":true,"M":true}
{"e":"trade","E":1636546208853,"s":"BNBUSDT","t":453920823,"p":"655.20000000","q":"0.01900000","b":3283952272,"a":3283952334,"T":1636546208851,"m":true,"M":true}
{"e":"trade","E":1636546208853,"s":"BNBUSDT","t":453920824,"p":"655.20000000","q":"0.02600000","b":3283952279,"a":3283952334,"T":1636546208851,"m":true,"M":true}
{"e":"trade","E":1636546208853,"s":"BNBUSDT","t":453920825,"p":"655.20000000","q":"0.02700000","b":3283952285,"a":3283952334,"T":1636546208851,"m":true,"M":true}
{"e":"trade","E":1636546208853,"s":"BNBUSDT","t":453920826,"p":"655.20000000","q":"0.16000000","b":3283952289,"a":3283952334,"T":1636546208851,"m":true,"M":true}
{"e":"trade","E":1636546208853,"s":"BNBUSDT","t":453920827,"p":"655.20000000","q":"0.06400000","b":3283952299,"a":3283952334,"T":1636546208851,"m":true,"M":true}
{"e":"trade","E":1636546208853,"s":"BNBUSDT","t":453920828,"p":"655.20000000","q":"0.01900000","b":3283952301,"a":3283952334,"T":1636546208851,"m":true,"M":true}
{"e":"trade","E":1636546208853,"s":"BNBUSDT","t":453920829,"p":"655.20000000","q":"0.02700000","b":3283952302,"a":3283952334,"T":1636546208851,"m":true,"M":true}
{"e":"trade","E":1636546208853,"s":"BNBUSDT","t":453920830,"p":"655.20000000","q":"0.02300000","b":3283952304,"a":3283952334,"T":1636546208851,"m":true,"M":true}
{"e":"trade","E":1636546208853,"s":"BNBUSDT","t":453920831,"p":"655.20000000","q":"0.01900000","b":3283952309,"a":3283952334,"T":1636546208851,"m":true,"M":true}
{"e":"trade","E":1636546208853,"s":"BNBUSDT","t":453920832,"p":"655.20000000","q":"0.01900000","b":3283952313,"a":3283952334,"T":1636546208851,"m":true,"M":true}
{"e":"trade","E":1636546208853,"s":"BNBUSDT","t":453920833,"p":"655.20000000","q":"0.04800000","b":3283952315,"a":3283952334,"T":1636546208851,"m":true,"M":true}
{"e":"trade","E":1636546208853,"s":"BNBUSDT","t":453920834,"p":"655.20000000","q":"1.05700000","b":3283952319,"a":3283952334,"T":1636546208851,"m":true,"M":true}
{"e":"trade","E":1636546208853,"s":"BNBUSDT","t":453920835,"p":"655.20000000","q":"0.03600000","b":3283952320,"a":3283952334,"T":1636546208851,"m":true,"M":true}
{"e":"trade","E":1636546208853,"s":"BNBUSDT","t":453920836,"p":"655.20000000","q":"0.01900000","b":3283952321,"a":3283952334,"T":1636546208851,"m":true,"M":true}
{"e":"trade","E":1636546208853,"s":"BNBUSDT","t":453920837,"p":"655.20000000","q":"0.02700000","b":3283952322,"a":3283952334,"T":1636546208851,"m":true,"M":true}
{"e":"trade","E":1636546208853,"s":"BNBUSDT","t":453920838,"p":"655.20000000","q":"9.60000000","b":3283952325,"a":3283952334,"T":1636546208851,"m":true,"M":true}
{"e":"trade","E":1636546208853,"s":"BNBUSDT","t":453920839,"p":"655.20000000","q":"2.00000000","b":3283952326,"a":3283952334,"T":1636546208851,"m":true,"M":true}
{"e":"trade","E":1636546208853,"s":"BNBUSDT","t":453920840,"p":"655.10000000","q":"0.21100000","b":3283951927,"a":3283952334,"T":1636546208851,"m":true,"M":true}
{"e":"trade","E":1636546208949,"s":"BNBUSDT","t":453920841,"p":"655.20000000","q":"0.33600000","b":3283952354,"a":3283952336,"T":1636546208948,"m":false,"M":true}
{"e":"trade","E":1636546209023,"s":"BNBUSDT","t":453920842,"p":"655.10000000","q":"0.02300000","b":3283951936,"a":3283952365,"T":1636546209022,"m":true,"M":true}
{"e":"trade","E":1636546209111,"s":"BNBUSDT","t":453920843,"p":"655.20000000","q":"0.02600000","b":3283952371,"a":3283952350,"T":1636546209110,"m":false,"M":true}
{"e":"trade","E":1636546209181,"s":"BNBUSDT","t":453920844,"p":"655.10000000","q":"0.03200000","b":3283951937,"a":3283952378,"T":1636546209180,"m":true,"M":true}
{"e":"trade","E":1636546209181,"s":"BNBUSDT","t":453920845,"p":"655.10000000","q":"0.03200000","b":3283951937,"a":3283952379,"T":1636546209181,"m":true,"M":true}
{"e":"trade","E":1636546209183,"s":"BNBUSDT","t":453920846,"p":"655.10000000","q":"0.03200000","b":3283951937,"a":3283952380,"T":1636546209183,"m":true,"M":true}
{"e":"trade","E":1636546209196,"s":"BNBUSDT","t":453920847,"p":"655.10000000","q":"1.52900000","b":3283951937,"a":3283952383,"T":1636546209196,"m":true,"M":true}
{"e":"trade","E":1636546209233,"s":"BNBUSDT","t":453920848,"p":"655.20000000","q":"0.15000000","b":3283952386,"a":3283952350,"T":1636546209232,"m":false,"M":true}
{"e":"trade","E":1636546209430,"s":"BNBUSDT","t":453920849,"p":"655.20000000","q":"0.42500000","b":3283952391,"a":3283952350,"T":1636546209429,"m":false,"M":true}
{"e":"trade","E":1636546210199,"s":"BNBUSDT","t":453920850,"p":"655.20000000","q":"4.39900000","b":3283952424,"a":3283952350,"T":1636546210199,"m":false,"M":true}
{"e":"trade","E":1636546210199,"s":"BNBUSDT","t":453920851,"p":"655.20000000","q":"4.00000000","b":3283952424,"a":3283952356,"T":1636546210199,"m":false,"M":true}
{"e":"trade","E":1636546210199,"s":"BNBUSDT","t":453920852,"p":"655.20000000","q":"7.79300000","b":3283952424,"a":3283952360,"T":1636546210199,"m":false,"M":true}
{"e":"trade","E":1636546210311,"s":"BNBUSDT","t":453920853,"p":"655.10000000","q":"0.03200000","b":3283951942,"a":3283952435,"T":1636546210311,"m":true,"M":true}
{"e":"trade","E":1636546210314,"s":"BNBUSDT","t":453920854,"p":"655.10000000","q":"0.02200000","b":3283951942,"a":3283952436,"T":1636546210313,"m":true,"M":true}
{"e":"trade","E":1636546210318,"s":"BNBUSDT","t":453920855,"p":"655.10000000","q":"0.03200000","b":3283951942,"a":3283952437,"T":1636546210317,"m":true,"M":true}
{"e":"trade","E":1636546210338,"s":"BNBUSDT","t":453920856,"p":"655.20000000","q":"0.10900000","b":3283952438,"a":3283952360,"T":1636546210338,"m":false,"M":true}
{"e":"trade","E":1636546210344,"s":"BNBUSDT","t":453920857,"p":"655.20000000","q":"0.04000000","b":3283952439,"a":3283952360,"T":1636546210343,"m":false,"M":true}
{"e":"trade","E":1636546210407,"s":"BNBUSDT","t":453920858,"p":"655.10000000","q":"0.25500000","b":3283951942,"a":3283952442,"T":1636546210407,"m":true,"M":true}
{"e":"trade","E":1636546211092,"s":"BNBUSDT","t":453920859,"p":"655.10000000","q":"0.99400000","b":3283951942,"a":3283952462,"T":1636546211092,"m":true,"M":true}
{"e":"trade","E":1636546211155,"s":"BNBUSDT","t":453920860,"p":"655.10000000","q":"0.03200000","b":3283951942,"a":3283952464,"T":1636546211155,"m":true,"M":true}
{"e":"trade","E":1636546211161,"s":"BNBUSDT","t":453920861,"p":"655.10000000","q":"0.02800000","b":3283951942,"a":3283952465,"T":1636546211160,"m":true,"M":true}
{"e":"trade","E":1636546211301,"s":"BNBUSDT","t":453920862,"p":"655.20000000","q":"1.51100000","b":3283952470,"a":3283952360,"T":1636546211300,"m":false,"M":true}
{"e":"trade","E":1636546211591,"s":"BNBUSDT","t":453920863,"p":"655.20000000","q":"0.02000000","b":3283952488,"a":3283952360,"T":1636546211590,"m":false,"M":true}
{"e":"trade","E":1636546211645,"s":"BNBUSDT","t":453920864,"p":"655.10000000","q":"1.51000000","b":3283951942,"a":3283952489,"T":1636546211644,"m":true,"M":true}
{"e":"trade","E":1636546211656,"s":"BNBUSDT","t":453920865,"p":"655.10000000","q":"0.46500000","b":3283951942,"a":3283952490,"T":1636546211656,"m":true,"M":true}
{"e":"trade","E":1636546211701,"s":"BNBUSDT","t":453920866,"p":"655.20000000","q":"0.12700000","b":3283952491,"a":3283952360,"T":1636546211700,"m":false,"M":true}
{"e":"trade","E":1636546211701,"s":"BNBUSDT","t":453920867,"p":"655.20000000","q":"1.95900000","b":3283952491,"a":3283952368,"T":1636546211700,"m":false,"M":true}
{"e":"trade","E":1636546211900,"s":"BNBUSDT","t":453920868,"p":"655.20000000","q":"2.30400000","b":3283952496,"a":3283952368,"T":1636546211900,"m":false,"M":true}
{"e":"trade","E":1636546211972,"s":"BNBUSDT","t":453920869,"p":"655.20000000","q":"0.18200000","b":3283952498,"a":3283952368,"T":1636546211972,"m":false,"M":true}
{"e":"trade","E":1636546211981,"s":"BNBUSDT","t":453920870,"p":"655.10000000","q":"0.01800000","b":3283951942,"a":3283952499,"T":1636546211981,"m":true,"M":true}
{"e":"trade","E":1636546212006,"s":"BNBUSDT","t":453920871,"p":"655.20000000","q":"0.02200000","b":3283952500,"a":3283952368,"T":1636546212005,"m":false,"M":true}
{"e":"trade","E":1636546212041,"s":"BNBUSDT","t":453920872,"p":"655.20000000","q":"0.54500000","b":3283952502,"a":3283952368,"T":1636546212041,"m":false,"M":true}
{"e":"trade","E":1636546212101,"s":"BNBUSDT","t":453920873,"p":"655.20000000","q":"1.03700000","b":3283952505,"a":3283952368,"T":1636546212101,"m":false,"M":true}
{"e":"trade","E":1636546212250,"s":"BNBUSDT","t":453920874,"p":"655.20000000","q":"0.02000000","b":3283952507,"a":3283952368,"T":1636546212249,"m":false,"M":true}
{"e":"trade","E":1636546212364,"s":"BNBUSDT","t":453920875,"p":"655.10000000","q":"0.07400000","b":3283951942,"a":3283952511,"T":1636546212363,"m":true,"M":true}
{"e":"trade","E":1636546212921,"s":"BNBUSDT","t":453920876,"p":"655.20000000","q":"0.62400000","b":3283952533,"a":3283952368,"T":1636546212920,"m":false,"M":true}
{"e":"trade","E":1636546212979,"s":"BNBUSDT","t":453920877,"p":"655.20000000","q":"0.15100000","b":3283952536,"a":3283952368,"T":1636546212979,"m":false,"M":true}
{"e":"trade","E":1636546213204,"s":"BNBUSDT","t":453920878,"p":"655.20000000","q":"0.01600000","b":3283952548,"a":3283952368,"T":1636546213203,"m":false,"M":true}
{"e":"trade","E":1636546213445,"s":"BNBUSDT","t":453920879,"p":"655.20000000","q":"0.16900000","b":3283952555,"a":3283952368,"T":1636546213445,"m":false,"M":true}
{"e":"trade","E":1636546213445,"s":"BNBUSDT","t":453920880,"p":"655.20000000","q":"0.06400000","b":3283952555,"a":3283952385,"T":1636546213445,"m":false,"M":true}
{"e":"trade","E":1636546213485,"s":"BNBUSDT","t":453920881,"p":"655.20000000","q":"0.15300000","b":3283952557,"a":3283952385,"T":1636546213485,"m":false,"M":true}
{"e":"trade","E":1636546213941,"s":"BNBUSDT","t":453920882,"p":"655.20000000","q":"0.08000000","b":3283952579,"a":3283952385,"T":1636546213940,"m":false,"M":true}
{"e":"trade","E":1636546213985,"s":"BNBUSDT","t":453920883,"p":"655.10000000","q":"0.17000000","b":3283951942,"a":3283952581,"T":1636546213985,"m":true,"M":true}
{"e":"trade","E":1636546214004,"s":"BNBUSDT","t":453920884,"p":"655.20000000","q":"0.03100000","b":3283952583,"a":3283952385,"T":1636546214004,"m":false,"M":true}
{"e":"trade","E":1636546214044,"s":"BNBUSDT","t":453920885,"p":"655.10000000","q":"0.02600000","b":3283951942,"a":3283952586,"T":1636546214043,"m":true,"M":true}
{"e":"trade","E":1636546214152,"s":"BNBUSDT","t":453920886,"p":"655.20000000","q":"0.09600000","b":3283952590,"a":3283952385,"T":1636546214152,"m":false,"M":true}
{"e":"trade","E":1636546214152,"s":"BNBUSDT","t":453920887,"p":"655.20000000","q":"0.53700000","b":3283952590,"a":3283952400,"T":1636546214152,"m":false,"M":true}
{"e":"trade","E":1636546214417,"s":"BNBUSDT","t":453920888,"p":"655.10000000","q":"0.15900000","b":3283951942,"a":3283952604,"T":1636546214416,"m":true,"M":true}
{"e":"trade","E":1636546214417,"s":"BNBUSDT","t":453920889,"p":"655.10000000","q":"0.01800000","b":3283952068,"a":3283952604,"T":1636546214416,"m":true,"M":true}
{"e":"trade","E":1636546214417,"s":"BNBUSDT","t":453920890,"p":"655.10000000","q":"0.28200000","b":3283952075,"a":3283952604,"T":1636546214416,"m":true,"M":true}
{"e":"trade","E":1636546214564,"s":"BNBUSDT","t":453920891,"p":"655.20000000","q":"0.16400000","b":3283952609,"a":3283952400,"T":1636546214563,"m":false,"M":true}
{"e":"trade","E":1636546214667,"s":"BNBUSDT","t":453920892,"p":"655.10000000","q":"0.20000000","b":3283952141,"a":3283952612,"T":1636546214667,"m":true,"M":true}
{"e":"trade","E":1636546214667,"s":"BNBUSDT","t":453920893,"p":"655.10000000","q":"0.14900000","b":3283952218,"a":3283952612,"T":1636546214667,"m":true,"M":true}
{"e":"trade","E":1636546214667,"s":"BNBUSDT","t":453920894,"p":"655.10000000","q":"0.21900000","b":3283952226,"a":3283952612,"T":1636546214667,"m":true,"M":true}
{"e":"trade","E":1636546214787,"s":"BNBUSDT","t":453920895,"p":"655.20000000","q":"0.63300000","b":3283952617,"a":3283952400,"T":1636546214787,"m":false,"M":true}
{"e":"trade","E":1636546214847,"s":"BNBUSDT","t":453920896,"p":"655.20000000","q":"1.74800000","b":3283952620,"a":3283952400,"T":1636546214847,"m":false,"M":true}
{"e":"trade","E":1636546214847,"s":"BNBUSDT","t":453920897,"p":"655.20000000","q":"0.35100000","b":3283952620,"a":3283952428,"T":1636546214847,"m":false,"M":true}
{"e":"trade","E":1636546215146,"s":"BNBUSDT","t":453920898,"p":"655.20000000","q":"0.29600000","b":3283952627,"a":3283952433,"T":1636546215145,"m":false,"M":true}
{"e":"trade","E":1636546215257,"s":"BNBUSDT","t":453920899,"p":"655.20000000","q":"0.31800000","b":3283952630,"a":3283952433,"T":1636546215257,"m":false,"M":true}
{"e":"trade","E":1636546215361,"s":"BNBUSDT","t":453920900,"p":"655.20000000","q":"0.27000000","b":3283952631,"a":3283952433,"T":1636546215361,"m":false,"M":true}
{"e":"trade","E":1636546215482,"s":"BNBUSDT","t":453920901,"p":"655.10000000","q":"0.18800000","b":3283952226,"a":3283952633,"T":1636546215482,"m":true,"M":true}
{"e":"trade","E":1636546215482,"s":"BNBUSDT","t":453920902,"p":"655.10000000","q":"0.15600000","b":3283952240,"a":3283952633,"T":1636546215482,"m":true,"M":true}
{"e":"trade","E":1636546215482,"s":"BNBUSDT","t":453920903,"p":"655.10000000","q":"0.17200000","b":3283952290,"a":3283952633,"T":1636546215482,"m":true,"M":true}
{"e":"trade","E":1636546215787,"s":"BNBUSDT","t":453920904,"p":"655.20000000","q":"0.71200000","b":3283952639,"a":3283952433,"T":1636546215786,"m":false,"M":true}
{"e":"trade","E":1636546215825,"s":"BNBUSDT","t":453920905,"p":"655.10000000","q":"0.12900000","b":3283952290,"a":3283952640,"T":1636546215825,"m":true,"M":true}
{"e":"trade","E":1636546215896,"s":"BNBUSDT","t":453920906,"p":"655.20000000","q":"0.12000000","b":3283952642,"a":3283952433,"T":1636546215895,"m":false,"M":true}
{"e":"trade","E":1636546215920,"s":"BNBUSDT","t":453920907,"p":"655.20000000","q":"1.64600000","b":3283952643,"a":3283952433,"T":1636546215920,"m":false,"M":true}
{"e":"trade","E":1636546215932,"s":"BNBUSDT","t":453920908,"p":"655.10000000","q":"0.25500000","b":3283952290,"a":3283952644,"T":1636546215931,"m":true,"M":true}
{"e":"trade","E":1636546216037,"s":"BNBUSDT","t":453920909,"p":"655.20000000","q":"0.45400000","b":3283952646,"a":3283952433,"T":1636546216037,"m":false,"M":true}
{"e":"trade","E":1636546216037,"s":"BNBUSDT","t":453920910,"p":"655.20000000","q":"0.63600000","b":3283952646,"a":3283952444,"T":1636546216037,"m":false,"M":true}
{"e":"trade","E":1636546216051,"s":"BNBUSDT","t":453920911,"p":"655.10000000","q":"0.53400000","b":3283952290,"a":3283952647,"T":1636546216050,"m":true,"M":true}
{"e":"trade","E":1636546216195,"s":"BNBUSDT","t":453920912,"p":"655.20000000","q":"2.17900000","b":3283952649,"a":3283952444,"T":1636546216194,"m":false,"M":true}
{"e":"trade","E":1636546216208,"s":"BNBUSDT","t":453920913,"p":"655.20000000","q":"0.08200000","b":3283952650,"a":3283952444,"T":1636546216208,"m":false,"M":true}
{"e":"trade","E":1636546216277,"s":"BNBUSDT","t":453920914,"p":"655.20000000","q":"2.10300000","b":3283952652,"a":3283952444,"T":1636546216276,"m":false,"M":true}
{"e":"trade","E":1636546216277,"s":"BNBUSDT","t":453920915,"p":"655.20000000","q":"0.02700000","b":3283952652,"a":3283952483,"T":1636546216276,"m":false,"M":true}
{"e":"trade","E":1636546216277,"s":"BNBUSDT","t":453920916,"p":"655.20000000","q":"0.44600000","b":3283952652,"a":3283952504,"T":1636546216276,"m":false,"M":true}
{"e":"trade","E":1636546216277,"s":"BNBUSDT","t":453920917,"p":"655.20000000","q":"1.00500000","b":3283952652,"a":3283952512,"T":1636546216276,"m":false,"M":true}
{"e":"trade","E":1636546216277,"s":"BNBUSDT","t":453920918,"p":"655.20000000","q":"0.53700000","b":3283952652,"a":3283952527,"T":1636546216276,"m":false,"M":true}
{"e":"trade","E":1636546216429,"s":"BNBUSDT","t":453920919,"p":"655.20000000","q":"0.03000000","b":3283952658,"a":3283952527,"T":1636546216428,"m":false,"M":true}
